@article{Giunchiglia:1992:Abstraction,
 author = {Giunchiglia, Fausto and Walsh, Toby},
 title = {A Theory of Abstraction},
 journal = {Artif. Intell.},
 volume = {57},
 number = {2-3},
 month = oct,
 year = {1992},
 pages = {323--389},
 publisher = {Elsevier Science Publishers Ltd.},
 address = {Essex, UK},
} 

@article{Clarke:2003:CEGAR,
 author = {Clarke, Edmund and Grumberg, Orna and Jha, Somesh and Lu, Yuan and Veith, Helmut},
 title = {Counterexample-guided abstraction refinement for symbolic model checking},
 journal = {J. ACM},
 volume = {50},
 number = {5},
 month = sep,
 year = {2003},
 pages = {752--794},
 publisher = {ACM},
 address = {New York, NY, USA}
} 

@inproceedings{Ganzinger:2004:DPLLT,
  author    = {Harald Ganzinger and
               George Hagen and
               Robert Nieuwenhuis and
               Albert Oliveras and
               Cesare Tinelli},
  title     = {{DPLL(T)}: Fast Decision Procedures},
  booktitle = {CAV},
  year      = {2004},
  pages     = {175-188}
}

@article{Silva:2013:ACDCL,
 author = {D'Silva, Vijay and Haller, Leopold and Kroening, Daniel},
 title = {Abstract Conflict Driven Learning},
 journal = {SIGPLAN Not.},
 volume = {48},
 number = {1},
 month = jan,
 year = {2013},
 pages = {143--154},
 publisher = {ACM},
 address = {New York, NY, USA}
} 

@inproceedings{Silva:2014:ACDCL,
  title={Abstract satisfaction},
  author={D'Silva, Vijay and Haller, Leopold and Kroening, Daniel},
  booktitle={ACM SIGPLAN Notices},
  volume={49},
  number={1},
  pages={139--150},
  year={2014},
  organization={ACM}
}

@article{Dantsin:2006:ClauseShortening,
  author    = {Evgeny Dantsin and
               Alexander Wolpert},
  title     = {A Faster Clause-Shortening Algorithm for {SAT} with No Restriction
               on Clause Length},
  journal   = {{JSAT}},
  volume    = {1},
  number    = {1},
  pages     = {49--60},
  year      = {2006}
}

@inproceedings{Bryant:2007:BVArith,
  author    = {Randal E. Bryant and
               Daniel Kroening and
               Jo{\"{e}}l Ouaknine and
               Sanjit A. Seshia and
               Ofer Strichman and
               Bryan A. Brady},
  title     = {Deciding Bit-Vector Arithmetic with Abstraction},
  booktitle = {Tools and Algorithms for the Construction and Analysis of Systems,
               13th International Conference, {TACAS} 2007, Held as Part of the Joint
               European Conferences on Theory and Practice of Software, {ETAPS} 2007
               Braga, Portugal, March 24 - April 1, 2007, Proceedings},
  pages     = {358--372},
  year      = {2007}
}

@incollection{Zeljic:2014:Approximations,
  title={Approximations for model construction},
  author={Zelji{\'c}, Aleksandar and Wintersteiger, Christoph M and R{\"u}mmer, Philipp},
  booktitle={Automated Reasoning},
  pages={344--359},
  year={2014},
  publisher={Springer}
}

@inproceedings{Nadel:2012:Assumptions,
  author    = {Alexander Nadel and
               Vadim Ryvchin},
  title     = {Efficient SAT Solving under Assumptions},
  booktitle = {SAT},
  year      = {2012},
  pages     = {242-255}
}

% non-uniform distribution
@book{Abramovici:1990:TPG,
  author    = "Miron Abramovici and
               Melvin A. Breuer and
               Arthur D. Friedman",
  title     = "{Digital Systems Testing and Testable Design}",
  publisher = "Computer Science Press",
  year      = "1990"
}

% implicit learning
@Article{Lu:2003:IL,
  author =     "Feng Lu and Li-C. Wang and John Moondanos and Ziyad Hanna",
  title =      "A Signal Correlation Guided Circuit-SAT Solver",
  journal =    j-jucs,
  year =       "2004",
  volume =     "10",
  number =     "12",
  pages =      "1629--1654"
}
