@incollection{Alves:2013:RCPSP,
  title={Resource Constrained Project Scheduling with General Precedence Relations Optimized with {SAT}},
  author={Alves, Rui and Alvelos, Filipe and Sousa, S{\'e}rgio Dinis},
  booktitle={Progress in Artificial Intelligence},
  pages={199--210},
  year={2013},
  publisher={Springer}
}

@article{Horbach:2010:RCPSP,
  author    = {Andrei Horbach},
  title     = {A Boolean satisfiability approach to the resource-constrained project
               scheduling problem},
  journal   = {Annals {OR}},
  volume    = {181},
  number    = {1},
  pages     = {89--107},
  year      = {2010}
}

@inproceedings{Mihal:2013:Placement,
  author    = {Andrew Mihal and
               Steve Teig},
  title     = {A Constraint Satisfaction Approach for Programmable Logic
               Detailed Placement},
  booktitle = {SAT},
  year      = {2013},
  pages     = {208-223},
  ee        = {http://dx.doi.org/10.1007/978-3-642-39071-5_16},
  bibsource = {DBLP, http://dblp.uni-trier.de}
}

@inproceedings{Rintanen:2012:Planning,
  author    = {Jussi Rintanen},
  title     = {Engineering Efficient Planners with {SAT}},
  booktitle = {ECAI},
  year      = {2012},
  pages     = {684-689},
  ee        = {http://dx.doi.org/10.3233/978-1-61499-098-7-684},
  bibsource = {DBLP, http://dblp.uni-trier.de}
}

@inproceedings{Falke:2013:BMC,
  author    = {Stephan Falke and
               Florian Merz and
               Carsten Sinz},
  title     = {{LLBMC}: Improved Bounded Model Checking of {C} Programs Using
               {LLVM} - (Competition Contribution)},
  booktitle = {TACAS},
  year      = {2013},
  pages     = {623-626},
  ee        = {http://dx.doi.org/10.1007/978-3-642-36742-7_48},
  bibsource = {DBLP, http://dblp.uni-trier.de}
}

@inproceedings{Torlak:2007:Kodkod,
    author    = {E. Torlak and D. Jackson},
    title     = {Kodkod: A relational model finder},
    booktitle = {Tools and Algorithms for Construction and Analysis of Systems (TACAS 2007)},
    pages     = {632-647},
    year      = {2007}
}
