
@inproceedings{Balyo:2014:BCD,
  author    = {Tomas Balyo and
               Andreas Fr{\"{o}}hlich and
               Marijn Heule and
               Armin Biere},
  title     = {Everything You Always Wanted to Know about Blocked Sets (But Were
               Afraid to Ask)},
  booktitle = {Theory and Applications of Satisfiability Testing - {SAT} 2014 - 17th
               International Conference, Held as Part of the Vienna Summer of Logic,
               {VSL} 2014, Vienna, Austria, July 14-17, 2014. Proceedings},
  pages     = {317--332},
  year      = {2014}
}

@inproceedings{Heule:2013:BCD,
  year={2013},
  booktitle={Logic for Programming, Artificial Intelligence, and Reasoning},
  volume={8312},
  series={Lecture Notes in Computer Science},
  editor={McMillan, Ken and Middeldorp, Aart and Voronkov, Andrei},
  title={Blocked Clause Decomposition},
  publisher={Springer Berlin Heidelberg},
  author={Heule, MarijnJ.H. and Biere, Armin},
  pages={423-438},
}

@article{Biere:2012:CLS,
  year={2012},
  journal={Journal of Automated Reasoning},
  volume={49},
  number={4},
  title={Simulating Circuit-Level Simplifications on CNF},
  publisher={Springer Netherlands},
  author={JÃ¤rvisalo, Matti and Biere, Armin and Heule, Marijn J.H.},
  pages={583-619}
}

@inproceedings{Heule:2010:BCE,
  author    = {Matti J{\"{a}}rvisalo and
               Armin Biere and
               Marijn Heule},
  title     = {Blocked Clause Elimination},
  booktitle = {Tools and Algorithms for the Construction and Analysis of Systems,
               16th International Conference, {TACAS} 2010, Held as Part of the Joint
               European Conferences on Theory and Practice of Software, {ETAPS} 2010,
               Paphos, Cyprus, March 20-28, 2010. Proceedings},
  pages     = {129--144},
  year      = {2010}
}
