
@inproceedings{Tseitin:1970,
  title = "On the Complexity of Derivation in Propositional Calculus",
  author = "Tseitin, G. S.",
  booktitle = "Studies in Constructive Mathematics and Mathematical Logic",
  editor = "Slisenko, A. O.",
  year = 1970,
  pages = "115-125"
}

@article{PlaistedGreenbaum:1986,
  author    = {David A. Plaisted and Steven Greenbaum},
  title     = {A Structure-Preserving Clause Form Translation.},
  journal   = {J. Symb. Comput.},
  volume    = {2},
  number    = {3},
  year      = {1986},
  pages     = {293-304}
}

@article{BoydelaTour:1992,
 author = {Boy de la Tour, Thierry},
 title = {An optimality result for clause form translation},
 journal = {J. Symb. Comput.},
 volume = {14},
 number = {4},
 month = oct,
 year = {1992},
 pages = {283--301}
}

@inproceedings{JacksonSheridan:2004,
  author    = {Paul Jackson and
               Daniel Sheridan},
  title     = {Clause Form Conversions for Boolean Circuits},
  booktitle = {7th Intl. Conf. on Theory and Applications of Satisfiability Testing (SAT 2004)},
  year      = {2004},
  pages     = {183-198}
}
