@book{Knuth:2015:v4f6,
 author = {Knuth, Donald E.},
 title = {The Art of Computer Programming, Volume 4, Fascicle 6: Satisfiability},
 year = {2015},
 publisher = {Addison-Wesley Professional},
 address = {Boston}
}

@Article{davis:putnam:60, 
 author = {Davis, Martin and Putnam, Hilary}, 
 title = {A Computing Procedure for Quantification Theory}, 
 journal = {Journal of the ACM}, 
 pages = "201--215", 
 issue\_date = {July 1960}, 
 volume = {7}, 
 number = {3}, 
  year = {1960}, 
 issn = {0004-5411}, 
 numpages = {15}, 
 url = {http://doi.acm.org/10.1145/321033.321034}, 
 doi = {10.1145/321033.321034}, 
 acmid = {321034}, 
 publisher = {ACM, New York, NY, USA}, 
}

@inproceedings{Moskewicz:2001:Chaff,
 author = {Moskewicz, Matthew W. and Madigan, Conor F. and Zhao, Ying and Zhang, Lintao and Malik, Sharad},
 title = {Chaff: Engineering an Efficient SAT Solver},
 booktitle = {Proceedings of the 38th Annual Design Automation Conference},
 series = {DAC '01},
 year = {2001},
 pages = {530--535},
 publisher = {ACM},
 address = {New York, NY, USA}
} 

@inproceedings{Audemard:2009:Glucose,
 author = {Audemard, Gilles and Simon, Laurent},
 title = {Predicting Learnt Clauses Quality in Modern SAT Solvers},
 booktitle = {Proceedings of the 21st International Jont Conference on Artifical Intelligence},
 series = {IJCAI'09},
 year = {2009},
 pages = {399--404},
 publisher = {Morgan Kaufmann Publishers Inc.},
 address = {San Francisco, CA, USA}
} 

%AnalyzeFinal:
@inproceedings{lagniez:2013:factoring,
  author    = {Jean{-}Marie Lagniez and
               Armin Biere},
  title     = {Factoring Out Assumptions to Speed Up {MUS} Extraction},
  booktitle = {Theory and Applications of Satisfiability Testing - {SAT} 2013 - 16th
               International Conference, Helsinki, Finland, July 8-12, 2013. Proceedings},
  pages     = {276--292},
  year      = {2013}
}

@inproceedings{Niklas:2003:Minisat,
  author    = {Niklas E{\'{e}}n and
               Niklas S{\"{o}}rensson},
  title     = {An Extensible SAT-solver},
  booktitle = {Theory and Applications of Satisfiability Testing, 6th International
               Conference, {SAT} 2003. Santa Margherita Ligure, Italy, May 5-8, 2003
               Selected Revised Papers},
  pages     = {502--518},
  year      = {2003}
}

@inproceedings{Ganzinger-etal:2004,
  author    = {Harald Ganzinger and
               George Hagen and
               Robert Nieuwenhuis and
               Albert Oliveras and
               Cesare Tinelli},
  title     = {{DPLL(T)}: Fast Decision Procedures},
  booktitle = {16th Intl. Conf. on Computer Aided Verification (CAV 2004)},
  year      = {2004},
  pages     = {175-188}
}
