
@article{Dixon:2011:AugmentedClauses,
  author    = {Heidi E. Dixon and
               Matthew L. Ginsberg and
               Eugene M. Luks and
               Andrew J. Parkes},
  title     = {Generalizing Boolean Satisfiability {II}: Theory},
  journal   = {CoRR},
  volume    = {abs/1109.2134},
  year      = {2011}
}

@inproceedings{Williams:2003:Backdoors,
  author    = {Ryan Williams and
               Carla P. Gomes and
               Bart Selman},
  title     = {Backdoors To Typical Case Complexity},
  booktitle = {IJCAI},
  year      = {2003},
  pages     = {1173-1178}
}

@inproceedings{Bjesse:2003:TreeDecomposition,
  author    = {Per Bjesse and
               James H. Kukula and
               Robert F. Damiano and
               Ted Stanion and
               Yunshan Zhu},
  title     = {Guiding {SAT} Diagnosis with Tree Decompositions},
  booktitle = {SAT},
  year      = {2003},
  pages     = {315-329}
}
