
@inproceedings{MantheyHB:2012,
year={2013},
isbn={978-3-642-39610-6},
booktitle={Hardware and Software: Verification and Testing},
volume={7857},
series={Lecture Notes in Computer Science},
editor={Biere, Armin and Nahir, Amir and Vos, Tanja},
doi={10.1007/978-3-642-39611-3_14},
title={Automated Reencoding of {Boolean} Formulas},
url={http://dx.doi.org/10.1007/978-3-642-39611-3_14},
publisher={Springer Berlin Heidelberg},
author={Manthey, Norbert and Heule, Marijn J.H. and Biere, Armin},
pages={102--117},
language={English}
}

@inproceedings{extendedResolutionInModernSAT,
 author = {Manthey, Norbert},
 title = {Extended Resolution in Modern {SAT} Solving},
 booktitle = {Joint Automated Reasoning Workshop and Deduktionstreffen},
 series = {},
 year = {2014},
}

@inproceedings{satelite,
year={2005},
isbn={978-3-540-26276-3},
booktitle={Theory and Applications of Satisfiability Testing},
volume={3569},
series={Lecture Notes in Computer Science},
editor={Bacchus, Fahiem and Walsh, Toby},
doi={10.1007/11499107_5},
title={Effective Preprocessing in {SAT} Through Variable and Clause Elimination},
url={http://dx.doi.org/10.1007/11499107_5},
publisher={Springer Berlin Heidelberg},
author={EÃ©n, Niklas and Biere, Armin},
pages={61--75},
language={English}
}

@InProceedings{MPOS2013-ppt,
  author    = {Adrian Balint and Norbert Manthey},
  title     = {Boosting the Performance of {SLS} and {CDCL} Solvers by Preprocessor Tuning},
  booktitle = {POS-13},
  editor    = {Daniel Le Berre},
  series    = {EPiC Series},
  volume    = {29},
  pages     = {1--14},
  year      = {2014},
  publisher = {EasyChair},
  bibsource = {EasyChair, http://www.easychair.org},
  issn      = {2040-557X},
}

@inproceedings{coprocessor2,
year={2012},
isbn={978-3-642-31611-1},
booktitle={Theory and Applications of Satisfiability Testing -- SAT 2012},
volume={7317},
series={Lecture Notes in Computer Science},
editor={Cimatti, Alessandro and Sebastiani, Roberto},
doi={10.1007/978-3-642-31612-8_34},
title={Coprocessor 2.0 -- {A} Flexible {CNF} Simplifier},
url={http://dx.doi.org/10.1007/978-3-642-31612-8_34},
publisher={Springer Berlin Heidelberg},
author={Manthey, Norbert},
pages={436--441},
language={English}
}

