@inproceedings{Iser:2015:GateRecognition,
  author    = {Markus Iser and
               Norbert Manthey and
               Carsten Sinz},
  title     = {Recognition of Nested Gates in {CNF} Formulas},
  booktitle = {Theory and Applications of Satisfiability Testing - {SAT} 2015 - 18th
               International Conference, Austin, TX, USA, September 24-27, 2015,
               Proceedings},
  pages     = {255--271},
  year      = {2015}
}

@inproceedings{Iser:2012:VariableOrdering,
  author    = {Markus Iser and
               Mana Taghdiri and
               Carsten Sinz},
  title     = {Optimizing MiniSAT Variable Orderings for the Relational Model Finder
               Kodkod - (Poster Presentation)},
  booktitle = {Theory and Applications of Satisfiability Testing - {SAT} 2012 - 15th
               International Conference, Trento, Italy, June 17-20, 2012. Proceedings},
  pages     = {483--484},
  year      = {2012}
}

@inproceedings{Iser:2013:Minimize,
 author = {Iser, Markus and Sinz, Carsten and Taghdiri, Mana},
 title = {Minimizing Models for Tseitin-encoded SAT Instances},
 booktitle = {Proceedings of the 16th International Conference on Theory and Applications of Satisfiability Testing},
 series = {SAT'13},
 year = {2013},
 pages = {224--232},
 publisher = {Springer-Verlag},
 address = {Berlin, Heidelberg}
} 

@mastersThesis{Iser:2012:Thesis,
    author = "Markus Iser",
    title  = {Optimizing MiniSAT Variable Orderings for the Relational Model Finder Kodkod},
    school = {Karlsruhe Institute of Technology},
    type   = {Diplomarbeit},
    year   = {2012},
    month  = {June},
} 

@mastersThesis{Kutzer:2016:Thesis,
    author = "Felix Kutzner",
    title  = {Exploiting Gate-Structure to Direct CDCL Search via Variable Selection and Approximation},
    school = {Karlsruhe Institute of Technology},
    type   = {Diplomarbeit},
    year   = {2016},
    month  = {June},
} 


