

@inproceedings{FuMalik:2007:CircuitExtraction,
  author    = {Zhaohui Fu and
               Sharad Malik},
  title     = {Extracting Logic Circuit Structure from Conjunctive Normal Form Descriptions},
  booktitle = {20th International Conference on {VLSI} Design {(VLSI} Design 2007),
               Sixth International Conference on Embedded Systems {(ICES} 2007),
               6-10 January 2007, Bangalore, India},
  pages     = {37--42},
  year      = {2007}
}

% application in restricted branching
@article{DBLP:journals/jal/JarvisaloN08,
  author    = {Matti J{\"{a}}rvisalo and
               Ilkka Niemel{\"{a}}},
  title     = {The effect of structural branching on the efficiency of clause learning
               {SAT} solving: An experimental study},
  journal   = {J. Algorithms},
  volume    = {63},
  number    = {1-3},
  pages     = {90--113},
  year      = {2008},
  url       = {http://dx.doi.org/10.1016/j.jalgor.2008.02.005},
  doi       = {10.1016/j.jalgor.2008.02.005},
  timestamp = {Thu, 21 Aug 2008 12:04:15 +0200},
  biburl    = {http://dblp.uni-trier.de/rec/bib/journals/jal/JarvisaloN08},
  bibsource = {dblp computer science bibliography, http://dblp.org}
}


@inproceedings{Ostrowski:2002:RecoverStructure,
 author = {Ostrowski, Richard and Gr{\'e}goire, \'{E}ric and Mazure, Bertrand and Sais, Lakhdar},
 title = {Recovering and Exploiting Structural Knowledge from CNF Formulas},
 booktitle = {Proceedings of the 8th International Conference on Principles and Practice of Constraint Programming},
 series = {CP '02},
 year = {2002},
 pages = {185--199},
 publisher = {Springer-Verlag},
 address = {London, UK, UK},
} 

@inproceedings{FuMalik:2005:CircuitObservability,
  author    = {Zhaohui Fu and
               Yinlei Yu and
               Sharad Malik},
  title     = {Considering Circuit Observability Don't Cares in {CNF} Satisfiability},
  booktitle = {2005 Design, Automation and Test in Europe Conference and Exposition
               {(DATE} 2005), 7-11 March 2005, Munich, Germany},
  pages     = {1108--1113},
  year      = {2005}
}

@inproceedings{Biere:2014:CardinalityDetection,
title={Detecting Cardinality Constraints in {CNF}},
author={Biere, Armin and Le Berre, Daniel and Lonca, Emmanuel and Manthey, Norbert},
year={2014},
isbn={978-3-319-09283-6},
booktitle={Theory and Applications of Satisfiability Testing -- SAT 2014},
volume={8561},
series={Lecture Notes in Computer Science},
editor={Sinz, Carsten and Egly, Uwe},
doi={10.1007/978-3-319-09284-3_22},
url={http://dx.doi.org/10.1007/978-3-319-09284-3_22},
publisher={Springer International Publishing},
pages={285--301},
language={English}
}

@article{Kuehlmann:2002:AIG,
  author    = {Andreas Kuehlmann and
               Viresh Paruthi and
               Florian Krohm and
               Malay K. Ganai},
  title     = {Robust Boolean reasoning for equivalence checking and functional property
               verification},
  journal   = {{IEEE} Trans. on {CAD} of Integrated Circuits and Systems},
  volume    = {21},
  number    = {12},
  pages     = {1377--1394},
  year      = {2002}
}

@article{Sinz:2007:Vis,
  author    = {Carsten Sinz},
  title     = {Visualizing {SAT} Instances and Runs of the {DPLL} Algorithm},
  journal   = {J. Autom. Reasoning},
  volume    = {39},
  number    = {2},
  year      = {2007},
  pages     = {219-243}
}

@inproceedings{Krohm:1996:RandomSimulation,
 author = {Krohm, Florian and Kuchlmann, Andreas and Mets, Arjen},
 title = {The Use of Random Simulation in Formal Verification},
 booktitle = {Proceedings of the 1996 International Conference on Computer Design, VLSI in Computers and Processors},
 series = {ICCD '96},
 year = {1996},
 pages = {371--},
 publisher = {IEEE Computer Society},
 address = {Washington, DC, USA}
} 

@inproceedings{Kuehlmann:2004:RandomSimulation,
 author = {Kuehlmann, A.},
 title = {Dynamic Transition Relation Simplification for Bounded Property Checking},
 booktitle = {Proceedings of the 2004 IEEE/ACM International Conference on Computer-aided Design},
 series = {ICCAD '04},
 year = {2004},
 pages = {50--57},
 publisher = {IEEE Computer Society},
 address = {Washington, DC, USA}
} 

